@inproceedings{Lp_norms,
	author={Charu Aggarwal and Alexander Hinneburg and Daniel Keim},
	title={On the surprising behavior of distance metrics in high dimensional space},
	booktitle={ICDT '01: Proceedings of the 8th international conference on database theory},
	pages={420--434},
	year={2001}
}

@article{UMAP_example,
	author={Etienne Becht and Leland McInnes and John Healy and Charles-Antoine Dutertre and Immanuel Kwok and Lai Ng and Florent Ginhoux and Evan Newell},
	title={Dimensionality reduction for visualizing single-cell data using UMAP},
	journal={Nature Biotechnology},
	volume={37},
	pages={38--44},
	year={2019}
}

@article{Friedman-Rafsky1,
	author={Bhaswar Bhattacharya},
	title={A general asymptotic framework for distribution-free graph-based two-sample tests},
	journal={Journal of the Royal Statistical Society Series B: Statistical Methodology},
	volume={81},
	number={3},
	pages={575--602},
	year={2019},
}

@article{Friedman-Rafsky2,
	author={Hao Chen and Jerome Friedman},
	title={A new graph-based two-sample test for multivariate and object data},
	journal={Journal of the American Statistical Association},
	volume={112},
	number={517},
	pages={397--409},
	year={2017},
}

@article{Friedman-Rafsky3,
	author={Hao Chen and Xu Chen and Yi Su},
	title={A weighted edge-count two-sample test for multivariate and object data},
	journal={Journal of the American Statistical Association},
	volume={113},
	number={523},
	pages={1146--1155},
	year={2018},
}

@misc{understanding_UMAP,
	author={Andy Coenen and Adam Pearce},
	title={Understanding UMAP},
	publisher={Google PAIR},
	howpublished={\url{https://pair-code.github.io/understanding-umap/}}
}

@article{MNIST,
	author={Li Deng},
	title={The {MNIST} database of handwritten digit images for machine learning research},
	journal={IEEE Signal Processing Magazine},
	volume={29},
	number={6},
	year={2012}
}

@article{near-orthogonal,
	author={Persi Diaconis and David Freedman},
	title={Asymptotics of graphical projection pursuit},
	journal={The Annals of Statistics},
	volume={12},
	number={3},
	pages={783--815},
	year={1984}
}

@article{image_metrics,
	author={Vito {Di Ges\`u} and Valery Starovoitov},
	title={Distance-based functions for image comparison},
	journal={Pattern Recognition Letter},
	volume={20},
	number={2},
	pages={207--214},
	year={1999}
}

@article{CCA_package,
	author={Ignacio Gonz\'alez and S\'ebastian D\'ejean and Pascal Martin and Alain Baccini},
	title={CCA: An {R} package to extend canonical correlation analysis},
	volume={23},
	number={12},
	year={2008}
}

@article{single-linkage,
	author={JC Gower and GJS Ross},
	title={Minimum spanning trees and single linkage cluster analysis},
	journal={Journal of the Royal Statistical Society Series C: Applied Statistics},
	volume={18},
	number={1},
	pages={54--64},
	year={1969}
}

@article{Friedman-Rafsky-test,
	author={Jerome Friedman and Lawrence Rafsky},
	title={Multivariate generalizations of the {Wald-Wolfowitz} and {Smirnov} two-sample tests},
	journal={Annals of Statistics},
	volume={7},
	number={4},
	pages={697--717},
	year={1979}
}

@article{MIST_example,
	author={Bracken King and Bruce Tidor},
	title={{MIST}: Maximum information spanning trees for dimension reduction of biological data sets},
	journal={Bioinformatics},
	volume={25},
	number={9},
	pages={1156--1172},
	year={2009}
}

@article{Hyperspherical_cap,
	author={Shengqiao Li},
	title={Concise formulas for the area and volume of a hyperspherical cap},
	journal={Asian Journal of Mathematics and Statistics},
	volume={4},
	number={1},
	pages={66--70},
	year={2011}
}

@article{UMAP,
	author={Leland McInnes and John Healy and Nathaniel Saul and Lukas Gro{\ss}berger},
	title={{UMAP}: Uniform manifold approximation and projection},
	journal={The Journal of Open Source Software},
	volume={3},
	number={3},
	year={2018}
}

@article{text_data,
	author={Abdul Qurashi and Violeta Holmes and Anju Johnson},
	title={Document processing: methods for semantic text similarity analysis},
	journal={IEEE Xplore},
	year={2020}
}

@article{runt_pruning,
	author={Werner Stuetzle},
	title={Estimating the cluster tree of a density by analyzing the minimal spanning tree of a sample},
	journal={Journal of Classification},
	volume={20},
	pages={25--47},
	year={2003}
}

@article{IsoMap,
	author={Joshua Tenenbaum and Vin {de Silva} and John Langfor},
	title={A global geometric framework for nonlinear dimensional reduction},
	journal={Science},
	volume={290},
	number={2319},
	year={2000},
}

@article{MST_example,
	author={Daniel Probst and Jean-Louis Reymond},
	title={Visualizing very large high-dimensional data sets as minimum spanning trees},
	journal={Journal of Cheminformatics},
	volume={12},
	number={12},
	year={2020}
}

@article{MAP_test,
	author={GPM Roz\'al and JA Hartigan},
	title={The {MAP} test for multimodality},
	journal={Journal of Classification},
	volume={11},
	pages={5--36},
	year={1994}
} 

@article{RF_metric,
	author={DF Robinson and LR Foulds},
	title={Comparison of Phylogenetic Trees},
	journal={Mathematical Biosciences},
	volume={53},
	pages={131--147},
	year={1981}
}

@article{rCCA,
	author={Elena Tuzhilina and Leonardo Tozzi and Trevor Hastie},
	title={Canonical correlation analysis in high dimensions with structured regularization},
	journal={Statistical Modelling},
	volume={23},
	number={3},
	pages={203--227},
	year={2023}
}

@misc{Distill,
	author={Martin Wattenberg amd Fernanda Vi\'egas and Ian Johnson},
	title={How to use {t-SNE} effectively},
	publisher={Distill},
	howpublished={\url{https://distill.pub/2016/misread-tsne/}}
}

@article{Wong_data_set,
	author={Michael Wong and David Ong and Frances Lim and Karen Teng and Naomi McGovern and Sriram Narayanan and Wen Ho and Daniela Cerny and Henry Tan and Rosslyn Anicete and Bien Tan and Tony Lim and Chung Chan and Peng Cheow and Ser Lee and Angela Takano and Eng-Huat Tan and John Tam and Ern Tan and Jerry Chan and Evan Newell},
	title={A high-dimensional atlas of human {T} cell diversity reveals tissue-specific trafficking and cytokine signatures},
	journal={ScienceDirect},
	volume={45},
	number={2},
	pages={442--456},
	year={2016}
}